@book{atalholivro,
  author        = {Autor do Livro},
  title         = {Nome do livro},
  subtitle      = {Subtítulo},
  edition       = {edição},
  address       = {Endereço},
  publisher     = {Editora},
  year          = {ano},
  volume        = {volume},
  series        = {serie},
  month         = {mês},
  note          = {Anotação},
  isbn          = {ISBN},
}

@online{atalhoonline,
  author        = {Autor Online},
  title         = {Título Online},
  year          = {ANO},
  month         = {MÊS},
  url           = {https://www.exemplo.com/algumacoisa},
  urlaccessdate = {03/03/2017},
}


@book{ncb2012eletronicabasica,
	author				= {Newton C. Braga},
	title					= {Curso de Eletrônica: Eletrônica Básica},
	volume				= {1},
	edition				=	{Primeira},
  year					= {2012},
	address				= {São Paulo - Brasil},
  publisher			= {Editora Newton C. Braga},
  isbn					=	{8565050092, 9788565050098},
	pages					= {PAGES},
}

@book{buchmann2016batteries,
	author				= {Isidor Buchmann},
	title					= {Batteries in a Portable World: A Handbook on Rechargeable Batteries for Non-Engineers},
	edition				=	{Fourth},
  year					= {2016},
  publisher			= {Cadex Electronics Incorporated},
  isbn					=	{9780968211847},
	pages					= {10--12},
}

@mastersthesis{marcia2015modelagem,
	author				= {Marcia de Fatima Brondani},
	title					= {Modelagem Matemática do Tempo de Vida de Baterias de Lítio Íon Polímero utilizando Algoritmos Genéticos},
	school				= {Universidade Regional do Noroeste do Estado do Rio Grande do Sul - Unijuí},
	year					= {2015},
	type					= {Dissertação de Mestrado},
}

@techreport{maria2012bateria,
	author				= {Maria de Fátima N. C. Rosolem and Raul Fernando Beck and Glauco Ribeiro dos Santos and Vitor Torquato Arioli},
	title					= {Bateria de lítio-íon: conceitos básicos e potencialidades},
	institution		= {Cadernos CPqD Tecnologia},
	note				= {Vol. 8},
	year					= {2012},
	month					= {Jul},
	url						= {https://www.cpqd.com.br/cadernosdetecnologia/Vol8_N2_jul_dez_2012/pdf/artigo7.pdf},
}

@online{tesla2017online,
	author				= {The Tesla Team},
	title					= {Battery Cell Production Begins at the Gigafactory},
	year					= {2017},
	month					= {Jan},
	url						= {https://www.tesla.com/blog/battery-cell-production-begins-gigafactory},

}
